<marc:record xmlns:marc="http://www.loc.gov/MARC21/slim" xmlns:xsi="http://www.w3.org/2001/XMLSchema-instance" xsi:schemaLocation="http://www.loc.gov/MARC21/slim http://www.loc.gov/standards/marcxml/schema/MARC21slim.xsd">
  <marc:leader>     nam a2200181   4500</marc:leader>
  <marc:controlfield tag="001">000751830</marc:controlfield>
  <marc:controlfield tag="003">NNU</marc:controlfield>
  <marc:controlfield tag="005">20020523102704.0</marc:controlfield>
  <marc:controlfield tag="008">920521s1894    le            000 0 ara  </marc:controlfield>
  <marc:datafield tag="035" ind1="9" ind2=" ">
    <marc:subfield code="a">NYUb12544748</marc:subfield>
  </marc:datafield>
  <marc:datafield tag="035" ind1=" " ind2=" ">
    <marc:subfield code="a">(CStRLIN)MHAUAMN54882-B</marc:subfield>
  </marc:datafield>
  <marc:datafield tag="040" ind1=" " ind2=" ">
    <marc:subfield code="a">MH</marc:subfield>
    <marc:subfield code="c">MH</marc:subfield>
    <marc:subfield code="d">CStRLIN</marc:subfield>
  </marc:datafield>
  <marc:datafield tag="100" ind1="1" ind2=" ">
    <marc:subfield code="a">Farḥāt, Jirmānūs,</marc:subfield>
    <marc:subfield code="d">1670 or 71-1732 or 3.</marc:subfield>
  </marc:datafield>
  <marc:datafield tag="240" ind1="1" ind2="0">
    <marc:subfield code="a">Poems</marc:subfield>
  </marc:datafield>
  <marc:datafield tag="245" ind1="1" ind2="0">
    <marc:subfield code="a">Dīwān /</marc:subfield>
    <marc:subfield code="c">Jirmānūs Farḥāt ; maʻa taʻālīq ʻalayhi li-muṣaḥḥihi Saʻīd al-Khūrī al-Shartūnī al-Lubnānī.</marc:subfield>
  </marc:datafield>
  <marc:datafield tag="250" ind1=" " ind2=" ">
    <marc:subfield code="a">Ṭabʻah 2.</marc:subfield>
  </marc:datafield>
  <marc:datafield tag="260" ind1=" " ind2=" ">
    <marc:subfield code="a">Bayrūt :</marc:subfield>
    <marc:subfield code="b">al-Maṭbaʻah al-Kāthūlīkīyah lil-Ābāʼ al-Yasūʻīyīn,</marc:subfield>
    <marc:subfield code="c">1894.</marc:subfield>
  </marc:datafield>
  <marc:datafield tag="300" ind1=" " ind2=" ">
    <marc:subfield code="a">517 p. ;</marc:subfield>
    <marc:subfield code="c">24 cm.</marc:subfield>
  </marc:datafield>
  <marc:datafield tag="700" ind1="1" ind2=" ">
    <marc:subfield code="a">Shartūnī, Saʻīd al-Khūrī,</marc:subfield>
    <marc:subfield code="d">1849-1912.</marc:subfield>
  </marc:datafield>
</marc:record>
